% This file was created with Citavi 6.4.0.35

@book{.,
 title = {Structural Analysis with the Finite Element Method}
}


@article{Djojodihardjo.2015,
 author = {Djojodihardjo, H. and Mahmud, A. S.},
 year = {2015},
 title = {Computational Modeling, Simulation, and Tailoring of Nonpenetrating Impact on a Generic Structure},
 keywords = {Journal},
 pages = {04015061-1 - 04015061-9},
 journal = {Journal of Aerospace Engineering},
 file = {72a0fcb0-545a-4fac-ba3f-0b63b02ebaf5:C\:\\Users\\julia\\AppData\\Local\\Swiss Academic Software\\Citavi 6\\ProjectCache\\d1nhxc5w5h587qggi4ntypvyws0x1h5oyt40sniazkci5m2o\\Citavi Attachments\\72a0fcb0-545a-4fac-ba3f-0b63b02ebaf5.pdf:pdf}
}


@book{Harris.2002,
 author = {Harris, C. M. and Piersol, A. G.},
 year = {2002},
 title = {Harris' Shock and Vibration Handbook},
 keywords = {Book},
 edition = {5},
 publisher = {McGraw-Hill},
 isbn = {0-07-137081-1},
 institution = {McGraw-hill},
 file = {a499611b-67f3-48eb-bd8d-ddf576d6f004:C\:\\Users\\julia\\AppData\\Local\\Swiss Academic Software\\Citavi 6\\ProjectCache\\d1nhxc5w5h587qggi4ntypvyws0x1h5oyt40sniazkci5m2o\\Citavi Attachments\\a499611b-67f3-48eb-bd8d-ddf576d6f004.pdf:pdf}
}


@article{Hertz.1881,
 author = {Hertz, H.},
 year = {1881},
 title = {{\"U}ber die Ber{\"u}hrung fester elastischer K{\"o}rper},
 keywords = {Journal},
 pages = {156--171},
 volume = {92},
 number = {92},
 journal = {Journal f{\"u}r die reine und angewandte Mathematik},
 file = {3f89b35c-0f7b-467f-947c-5c3c71ef6d21:C\:\\Users\\julia\\AppData\\Local\\Swiss Academic Software\\Citavi 6\\ProjectCache\\d1nhxc5w5h587qggi4ntypvyws0x1h5oyt40sniazkci5m2o\\Citavi Attachments\\3f89b35c-0f7b-467f-947c-5c3c71ef6d21.pdf:pdf}
}


@book{Jacobs.2019,
 author = {Jacobs, G.},
 year = {2019},
 title = {Maschinengestaltung III},
 address = {Aachen},
 edition = {04/2019},
 publisher = {{Druck {\&} Verlagshaus Mainz}},
 institution = {{Systementwicklung der RWTH Aachen}},
 file = {b3a9748a-c631-458c-8e4c-d08ce061d0b6:C\:\\Users\\julia\\AppData\\Local\\Swiss Academic Software\\Citavi 6\\ProjectCache\\d1nhxc5w5h587qggi4ntypvyws0x1h5oyt40sniazkci5m2o\\Citavi Attachments\\b3a9748a-c631-458c-8e4c-d08ce061d0b6.pdf:pdf}
}


@article{Karas.1939,
 author = {Karas, K.},
 year = {1939},
 title = {Platten unter seitlichem Sto{\ss}},
 keywords = {Journal},
 pages = {237--250},
 volume = {10},
 journal = {Ing. Arch},
 file = {4979aa45-2386-4944-a706-668031e16479:C\:\\Users\\julia\\AppData\\Local\\Swiss Academic Software\\Citavi 6\\ProjectCache\\d1nhxc5w5h587qggi4ntypvyws0x1h5oyt40sniazkci5m2o\\Citavi Attachments\\4979aa45-2386-4944-a706-668031e16479.pdf:pdf}
}


@book{Kelly.2020,
 author = {Kelly, P. A.},
 year = {2020},
 title = {Mechanics Lecture Notes: An Introduction to Solid Mechanics},
 address = {Auckland, NZ},
 file = {7e497087-fd7a-4192-b655-31b05a9ce0ef:C\:\\Users\\julia\\AppData\\Local\\Swiss Academic Software\\Citavi 6\\ProjectCache\\d1nhxc5w5h587qggi4ntypvyws0x1h5oyt40sniazkci5m2o\\Citavi Attachments\\7e497087-fd7a-4192-b655-31b05a9ce0ef.pdf:pdf}
}


@phdthesis{Kolvik.May2012,
 author = {Kolvik, G. M.},
 year = {May / 2012},
 title = {Higher Order Shear Deformation Plate Theory},
 keywords = {Thesis},
 address = {Oslo},
 publisher = {Faculty of Mathematics and Natural Sciences},
 school = {{University of Oslo}},
 type = {Master's Thesis},
 file = {a0d65283-1848-4d76-afd7-dec25f4f422b:C\:\\Users\\julia\\AppData\\Local\\Swiss Academic Software\\Citavi 6\\ProjectCache\\d1nhxc5w5h587qggi4ntypvyws0x1h5oyt40sniazkci5m2o\\Citavi Attachments\\a0d65283-1848-4d76-afd7-dec25f4f422b.pdf:pdf}
}


@phdthesis{Mingyu.2019,
 author = {Mingyu, W.},
 year = {2019},
 title = {Development of a semi-analytical approach for the application of large deflection plate theory on arbitrary load positions},
 address = {Aachen},
 publisher = {SLA},
 school = {{RWTH Aachen}},
 type = {Mini-Thesis},
 file = {976ae10e-89ec-4d9f-8c86-21b43e52d6dd:C\:\\Users\\julia\\AppData\\Local\\Swiss Academic Software\\Citavi 6\\ProjectCache\\d1nhxc5w5h587qggi4ntypvyws0x1h5oyt40sniazkci5m2o\\Citavi Attachments\\976ae10e-89ec-4d9f-8c86-21b43e52d6dd.PDF:PDF}
}


@article{Olsson.2000,
 author = {Olsson, R.},
 year = {2000},
 title = {Mass criterion for wave controlled impact response of composite plates},
 keywords = {Journal},
 pages = {879--887},
 volume = {31},
 journal = {Composites Part A: Applied Science and Manufacturing},
 file = {7664b1bb-fa43-4a11-a832-39a4b5699838:C\:\\Users\\julia\\AppData\\Local\\Swiss Academic Software\\Citavi 6\\ProjectCache\\d1nhxc5w5h587qggi4ntypvyws0x1h5oyt40sniazkci5m2o\\Citavi Attachments\\7664b1bb-fa43-4a11-a832-39a4b5699838.pdf:pdf}
}


@incollection{Onate.,
 author = {Onate, E.},
 title = {Thick/Thin Plates. Reissner-Mindlin Theory},
 keywords = {Chapter},
 pages = {291--381},
 booktitle = {Structural Analysis with the Finite Element Method},
 file = {9c1e89b6-a9ed-4bbb-8379-b727acada88f:C\:\\Users\\julia\\AppData\\Local\\Swiss Academic Software\\Citavi 6\\ProjectCache\\d1nhxc5w5h587qggi4ntypvyws0x1h5oyt40sniazkci5m2o\\Citavi Attachments\\9c1e89b6-a9ed-4bbb-8379-b727acada88f.pdf:pdf}
}


@article{Shivakumar.1985,
 author = {Shivakumar, K. N. and Elber, W. and Illg, W.},
 year = {1985},
 title = {Prediction of Impact Force and Duration Due to Low-Velocity Impact on Circular Composite Laminates},
 keywords = {Journal},
 pages = {674--680},
 volume = {52},
 journal = {Transactions of the ASME},
 file = {3064926b-a911-42ed-8de8-999063091734:C\:\\Users\\julia\\AppData\\Local\\Swiss Academic Software\\Citavi 6\\ProjectCache\\d1nhxc5w5h587qggi4ntypvyws0x1h5oyt40sniazkci5m2o\\Citavi Attachments\\3064926b-a911-42ed-8de8-999063091734.pdf:pdf}
}


@article{Timoshenko.1922,
 author = {Timoshenko, S.},
 year = {1922},
 title = {{\"U}ber die Biegung der allseitig {\"u}nterst{\"u}tzten rechteckigen Platte unter Wirkung einer Einzellast},
 keywords = {Journal},
 pages = {51--54},
 volume = {2},
 number = {2},
 journal = {Der Bauingenieur},
 file = {19fa8c2f-7f8f-491b-9163-c0989bb20b64:C\:\\Users\\julia\\AppData\\Local\\Swiss Academic Software\\Citavi 6\\ProjectCache\\d1nhxc5w5h587qggi4ntypvyws0x1h5oyt40sniazkci5m2o\\Citavi Attachments\\19fa8c2f-7f8f-491b-9163-c0989bb20b64.pdf:pdf}
}


@article{Wang.1947,
 author = {Wang, C-T.},
 year = {1947},
 title = {Nonlinear large-deflection boundary-value problems of rectangular plates},
 keywords = {Journal},
 journal = {National Advisory Committee for Aeronautics, Washington D.C.},
 file = {5f3be4b4-9c81-4ba7-ab03-b93175dbb5a8:C\:\\Users\\julia\\AppData\\Local\\Swiss Academic Software\\Citavi 6\\ProjectCache\\d1nhxc5w5h587qggi4ntypvyws0x1h5oyt40sniazkci5m2o\\Citavi Attachments\\5f3be4b4-9c81-4ba7-ab03-b93175dbb5a8.pdf:pdf}
}


